@inbook{Aikhenvald2006,
author = {Aikhenvald, Alexandra Y},
title = {Serial Verb Constructions in Typological Perspective},
booktitle = {Serial Verb Constructions: A cross-linguistic typology},
year = {2006},
editor = {Alexandra Y. Aikhenvald and R.M.W. Dixon},
publisher = {Oxford University Press},
location = {Oxford},
pages = {1-68},
}

@Book{Bellwood2007,
author = {Peter Bellwood},
title = {Prehistory of the Indo-Malaysian Archipelago},
publisher = {ANU E Press},
year = {2007},
}

@misc{belo2002-2006,
  title={DoBeS Waima'a documentation},
  author={Belo, Maur{\'i}cio C A and Bowden, John and Hajek, John and Himmelman, Nikolaus P and Tilman, Alexandre V},
  publisher={DoBeS Archive, MPI Nijmegen},
  year={2002--2006}
}

@book{vandenberg1989,
  title={A grammar of the Muna language},
  author={Berg, Ren{\'e} van den},
  year={1989},
  publisher={Foris Publications Dordrecht}
}

@book{berry1999,
  title={A description of Abun: a West Papuan language of Irian Jaya},
  author={Berry, Keith and Berry, Christine},
  year={1999},
  publisher={Pacific Linguistics}
}

@InBook{Bickel2011,
author = {Balthasar Bickel},
editor = {Jae Jung Song},
title = {Grammatical Relations Typology},
booktitle = {The Oxford Handbook of Linguistic Typology},
year = {2011},
publisher = {Oxford University Press},
location = {Oxford},
pages = {399-444},
}

@book{bloomfield1933language,
  title={Language},
  author={Bloomfield, Leonard},
  publisher={Holt},
  location={New York},
  year={1933}
}

@article{blust1993central,
  title={Central and central-eastern Malayo-Polynesian},
  author={Blust, Robert},
  journal={Oceanic Linguistics},
  pages={241--293},
  year={1993},
  publisher={Pacific Linguistics}
}

@book{blust2009austronesian,
  title={The Austronesian languages},
  author={Blust, Robert},
  year={2009},
  publisher={Pacific Linguistics}
}

@article{bohnemeyer2007principles,
  title={Principles of event segmentation in language: The case of motion events},
  author={Bohnemeyer, J{\"u}rgen and Enfield, Nick J and Essegbey, James and Ibarretxe-Antu{\~n}ano, Iraide and Kita, Sotaro and L{\"u}pke, Friederike and Ameka, Felix K},
  journal={Language},
  volume={83},
  number={3},
  pages={495--532},
  year={2007},
  publisher={Linguistic Society of America}
}

@inbook{bohnemeyer2011,
  title={The macro-event property},
  author={Bohnemeyer, J{\"u}rgen and Enfield, Nick J and Essegbey, James and Kita, Sotaro},
  booktitle={Event representation in language and cognition},
  editor={Bohnemeyer, J{\"u}rgen and Pedersen, Eric},
  pages={43--67},
  year={2011},
  publisher={Cambridge University Press}
}

@book{bowden2001taba,
  title={Taba: description of a South Halmahera language},
  author={Bowden, John},
  year={2001},
  publisher={Pacific Linguistics}
}

@Unpublished{bowden2006,
  author = {Bowden, John},
  title = {A grammar sketch of Waimaqa},
  year={2006},
  publisher={Unpublished},
  pages={50},
}

@article{bowern2008diachrony,
  title={The diachrony of complex predicates},
  author={Bowern, Claire},
  journal={Diachronica},
  volume={25},
  number={2},
  pages={161--185},
  year={2008}
}

@article{bradshaw1993subject,
  title={Subject relationships within serial verb constructions in Numbami and Jab{\^e}m},
  author={Bradshaw, Joel},
  journal={Oceanic Linguistics},
  pages={133--161},
  year={1993},
}

@book{bril2004complex,
  title={Complex predicates in Oceanic languages: Studies in the dynamics of binding and boundness},
  author={Bril, Isabelle and Ozanne-Rivierre, Fran{\c{c}}oise},
  year={2004},
  publisher={Walter de Gruyter}
}

@article{bril2007nexus,
  title={Nexus and juncture types of complex predicates in Oceanic languages: Functions and semantics},
  author={Bril, Isabelle},
  journal={Language and linguistics (Academia Sinica)},
  volume={8},
  number={1},
  pages={267--310},
  year={2007}
}

@book{christaller1875,
  title={A Grammar of the Asante and Fante Language Called Tshi [Chwee, Twi], Based on the Akuapem Dialect, with Reference to the Other [Akan and Fante] Dialects},
  author={Christaller, Johann Gottlieb},
  year={1875}
}

@article{comrie1995serial,
  title={Serial verbs in Haruai (Papua New Guinea) and their theoretical implications},
  author={Comrie, Bernard},
  journal={Langues et langage: Probl{\`e}mes et raisonnement en linguistique. M{\'e}langes offerts {\`a} Antoine Culioli},
  pages={25--37},
  year={1995}
}

@Book{coward2005,
author = {Coward, David F.},
title = {A introduction to the grammar of Selaru, Indonesia},
publisher = {SIL International},
year = {2005},
}

@book{croft2001radical,
  title={Radical construction grammar: Syntactic theory in typological perspective},
  author={Croft, William},
  year={2001},
  publisher={Oxford University Press}
}

@book{croft2012verbs,
  title={Verbs: Aspect and causal structure},
  author={Croft, William},
  year={2012},
  publisher={Oxford University Press}
}

@article{crowley1987serial,
  title={Serial verbs in Paamese},
  author={Crowley, Terry},
  journal={Studies in Language},
  volume={11},
  number={1},
  pages={35--84},
  year={1987},
}

@book{crowley2002serial,
  title={Serial verbs in Oceanic: A descriptive typology},
  author={Crowley, Terry},
  year={2002},
  publisher={Oxford University Press on Demand}
}

@InBook{Durie1997,
author = {Mark Durie},
editor = {Alex Alsina, Joan Bresnan, Peter Sells},
title = {Grammatical Structures in Verb Serialization},
booktitle = {Complex Predicates},
year = {1997},
publisher = {CSLI Publications},
location = {Stanford, California},
pages = {289-354},
}

@book{foley1984functional,
  title={Functional syntax and universal grammar},
  author={Foley, William A and Van Valin Jr, Robert D},
  series={Cambridge Studies in Linguistics London},
  number={38},
  year={1984}
}

@Article{foley1985clausehood,
  title={Clausehood and verb serialization},
  author={Foley, William A and Olson, Mike},
  journal={Grammar inside and outside the clause},
  pages={17--60},
  year={1985},
  publisher={Cambridge: Cambridge University Press}
}

@inproceedings{foley2008,
  title={The notion of “event” and serial verb constructions: Arguments from New Guinea},
  author={Foley, William A},
  journal={SEALS XIV},
  pages={129--156},
  year={2008}
}

@inbook{foley2010events,
  title={Events and serial verb constructions},
  author={Foley, William A},
  booktitle={Complex predicates: Cross-linguistic perspectives on event structure},
  editor={Amberber, Mengistu and Baker, Brett and Harvey, Mark},
  pages={79--109},
  year={2010}
}

@inbook{givon1991serial,
  title={Serial verbs and the mental reality of ‘event’: Grammatical vs. cognitive packaging},
  author={Giv{\'o}n, Talmy},
  booktitle={Approaches to grammaticalization},
  editor={Traugott, Elizabeth Closs and Heine, Bernd},
  volume={1},
  pages={81--127},
  year={1991},
  publisher={John Benjamins}
}

@book{goldberg1995constructions,
  title={Constructions: A construction grammar approach to argument structure},
  author={Goldberg, Adele E},
  year={1995},
  publisher={University of Chicago Press}
}

@book{goldberg2006constructions,
  title={Constructions at work: The nature of generalization in language},
  author={Goldberg, Adele E},
  year={2006},
  publisher={Oxford University Press}
}

@phdthesis{gravelle2010grammar,
  title={A grammar of Moskona: An East Bird’s Head language of West Papua, Indonesia},
  author={Gravelle, Gloria},
  school={Vrije Universiteit Amsterdam},
  year={2010}
}

@book{grice1989studies,
  title={Studies in the Way of Words},
  author={Grice, H Paul},
  year={1989},
  publisher={Harvard University Press}
}

@phdthesis{grimes1991buru,
  title={The Buru language of Eastern Indonesia},
  author={Grimes, Charles E},
  year={1991},
  school={Canberra: The Australian National University}
}

@phdthesis{gruber1965studies,
  title={Studies in lexical relations.},
  author={Gruber, Jeffrey Steven},
  year={1965},
  school={Massachusetts Institute of Technology}
}

@Article{Hall2009,
author = {R. Hall},
title = {Southeast Asia’s changing palaeogeography},
journal = {Blumea},
year = {2009},
volume = {54},
pages = {148–161},
}

@inbook{haspelmath2013argument,
  title={Argument indexing: A conceptual framework for the syntactic status of bound person forms},
  author={Haspelmath, Martin},
  booktitle={Languages across boundaries: Studies in memory of Anna Siewierska},
  editor={Bakker, Dik and Haspelmath, Martin},
  pages={197--226},
  year={2013}
}

@article{haspelmath2016serial,
  title={The serial verb construction: Comparative concept and cross-linguistic generalizations},
  author={Haspelmath, Martin},
  journal={Language and Linguistics},
  volume={17},
  number={3},
  pages={291--319},
  year={2016},
  publisher={SAGE Publications Sage UK}
}

@book{heeschen1998eipo,
  title={An ethnographic grammar of the Eipo language spoken in the central mountains of Irian Jaya (West New Guinea), Indonesia},
  author={Heeschen, Volker},
  year={1998},
  publisher={D. Reimer}
}

@InBook{Heinsohn2010,
author = {Thomas E. Heinsohn},
editor = {Simon G. Haberle, Janelle Stevenson, Matthew Prebble},
title = {Marsupials as introduced species: Long-term anthropogenic expansion of the marsupial frontier and its implications for zoogeographic interpretation},
booktitle = {Altered Ecologies: Fire, climate and human influence on terrestrial landscapes},
year = {2010},
publisher = {ANU Press},
location = {Canberra},
pages = {133-176},
}

@book{vanheuvel2006,
  title={Biak, description of an Austronesian language of Papua},
  author={van den Heuvel, Wilco},
  year={2006},
  publisher={Netherlands Graduate School of Linguistics}
}

@article{higginbotham1985semantics,
  title={On semantics},
  author={Higginbotham, James},
  journal={Linguistic Inquiry},
  volume={16},
  number={4},
  pages={547--593},
  year={1985},
  publisher={JSTOR}
}

@book{higginbotham2000events,
  title={On events in linguistic semantics},
  author={Higginbotham, James},
  year={2000},
  publisher={Oxford University Press Oxford}
}

@article{higginbotham2005event,
  title={Event positions: Suppression and emergence},
  author={Higginbotham, James},
  journal={Theoretical Linguistics},
  volume={31},
  number={3},
  pages={349--358},
  year={2005}
}

@inbook{himmelmann2004lexicalization,
  title={Lexicalization and grammaticization: Opposite or orthogonal},
  author={Himmelmann, Nikolaus P},
  booktitle={What makes grammaticalization?: A Look from Its Fringes and Its Components},
  editor={Bisang, Walter and Himmelmann, Nikolaus and Wiemer, Bj{\"o}rn},
  pages={21--42},
  year={2004}
}

@inbook{himmelmann2005gram,
  title={Gram, construction, and class formation},
  author={Himmelmann, Nikolaus P},
  booktitle={Wortarten und Grammatikalisierung. Perspektiven in System und Erwerb},
  editor={Knobloch, Clemens and Schaeder, Burkhard},
  pages={79--93},
  year={2005}
}

@InBook{Himmelmann2005austronesian,
author = {Himmelmann, Nikolaus P},
editor = {Alexander Adelaar and Nikolaus P. Himmelmann},
title = {The Austronesian languages of Asia and Madagascar: Typological characteristics},
booktitle = {The Austronesian languages of Asia and Madagascar},
year = {2005},
publisher = {Routledge},
location = {London},
pages = {110-181},
}

@InBook{Himmelmann2005tagalog,
author = {Himmelmann, Nikolaus P},
editor = {Alexander Adelaar and Nikolaus P. Himmelmann},
title = {Tagalog},
booktitle = {The Austronesian languages of Asia and Madagascar},
year = {2005},
publisher = {Routledge},
location = {London},
pages = {350-376},
}

@inbook{himmelmann2006challenges,
  title={The challenges of segmenting spoken language},
  author={Himmelmann, Nikolaus P},
  booktitle={Essentials of language documentation},
  editor={Gippert, Jost and Himmelmann, Nikolaus P. and Mosel, Ulrike},
  pages={253--274},
  year={2006},
  publisher={Mouton de Gruyter},
  address={Berlin}
}

@article{himmelmann2018,
  title={On the universality of intonational phrases: a cross-linguistic interrater study},
  author={Himmelmann, Nikolaus P and Sandler, Meytal and Strunk, Jan and Unterladstetter, Volker},
  journal={Phonology},
  volume={35},
  number={2},
  pages={207--245},
  year={2018},
}

@article{schultze2004depictive,
  title={Depictive secondary predicates in crosslinguistic perspective},
  author={Schultze-Berndt, Eva and Himmelmann, Nikolaus P},
  journal={Linguistic typology},
  volume={8},
  number={1},
  pages={59--131},
  year={2004}
}

@book{holton2003tobelo,
  title={Tobelo},
  author={Holton, Gary},
  year={2003},
  publisher={Lincom Europa}
}

@incollection{holton2010person,
  title={Person-marking, verb classes, and the notion of grammatical alignment in Western Pantar (Lamma)},
  author={Holton, Gary},
  booktitle={Typological and areal analyses: contributions from East Nusantara},
  editor={Ewing, Michael C and Klamer, Marian},
  year={2010},
  pages={99--119},
}

@article{holton2012historical,
  title={The historical relations of the Papuan languages of Alor and Pantar},
  author={Holton, Gary and Klamer, Marian and Kratochv{\'i}l, Franti{\v{s}}ek and Robinson, Laura C and Schapper, Antoinette},
  journal={Oceanic Linguistics},
  pages={86--122},
  year={2012},
}

@inbook{holton2014western,
  title={Western Pantar},
  author={Holton, Gary},
  booktitle={Papuan languages of Timor, Alor and Pantar: Sketch grammars},
  editor={Schapper, Antoinette},
  volume={1},
  pages={23--96},
  year={2014}
}

@article{haspelmath2016serial,
  title={The serial verb construction: Comparative concept and cross-linguistic generalizations},
  author={Haspelmath, Martin},
  journal={Language and Linguistics},
  volume={17},
  number={3},
  pages={291--319},
  year={2016},
  publisher={SAGE Publications Sage UK}
}

@book{ladd2008intonational,
  title={Intonational phonology},
  author={Ladd, D Robert},
  year={2008},
  publisher={Cambridge University Press}
}

@article{lakoff1970linguistics,
  title={Linguistics and natural logic},
  author={Lakoff, George},
  journal={Synthese},
  volume={22},
  number={1},
  pages={151--271},
  year={1970},
  publisher={Springer}
}

@book{lane2008kalam,
  title={Kalam serial verb constructions},
  author={Lane, Jonathan},
  year={2008},
  publisher={Pacific Linguistics}
}

@book{lehmann2002thoughts,
  title={Thoughts on grammaticalization},
  author={Lehmann, Christian},
  year={2015},
  volume={3},
  publisher={Language Science Press}
}

@misc{leto2012totoli,
  title={DoBeS Totoli documentation},
  author={Leto, Claudia and Alamudi, Winarno S and Himmelmann , Nikolaus P and Kuhnt-Saptodewo, Jani and Riesberg, Sonja and Basri, Hasan},
  year={2005--2010},
  publisher={DobeS Archive MPI Nijmegen},
  URL={http://dobes.mpi.nl/projects/totoli/},
}

@Book{Levin1993,
author = {Levin, Beth},
title = {English verb classes and alternations: A preliminary investigation},
publisher = {University of Chicago Press},
year = {1993},
address = {Chicago},
}

@book{levin2005argument,
  title={Argument realization},
  author={Levin, Beth and Hovav, Malka Rappaport},
  year={2005},
  publisher={Cambridge University Press}
}

@article{levinson2013recursion,
  title={Recursion in pragmatics},
  author={Levinson, Stephen C},
  journal={Language},
  volume={89},
  number={1},
  pages={149--162},
  year={2013},
  publisher={Linguistic Society of America}
}

@inproceedings{LiThompson1973,
author = {Charles N. Li and Sandra A. Thompson},
editor = {Claudia Corum and T. Cedric Smith-Stark and Ann Weiser},
title = {Serial Verb Constructions in Mandarin Chinese: Subordination or Co-ordination?},
booktitle = {You take the high node and I'll take the low node. Papers from the Comparative Syntax Festival. The Difference between Main and Subordinate Clause},
year = {1973},
publisher = {Chicago Linguistic Society},
location = {Chicago},
}

@book{lord1993historical,
  title={Historical change in serial verb constructions},
  author={Lord, Carol},
  year={1993},
  publisher={John Benjamins}
}

@book{lynch2002oceanic,
  title={The oceanic languages},
  author={Lynch, John and Ross, Malcolm and Crowley, Terry},
  volume={1},
  year={2002},
  publisher={Psychology Press}
}
 
@article{maienborn2005limits,
  title={On the limits of the Davidsonian approach: The case of copula sentences},
  author={Maienborn, Claudia},
  journal={Theoretical linguistics},
  volume={31},
  number={3},
  pages={275--316},
  year={2005}
}

@inbook{maienborn2011event,
  title={Event semantics},
  author={Maienborn, Claudia},
  booktitle={Semantics: An international handbook of natural language meaning},
  editor={Maienborn, Claudia and Heusinger, Klaus von and Portner, Paul},
  volume={1},
  pages={802--829},
  year={2011}
}

@phdthesis{margetts1999valence,
  title={Valence and transitivity in Saliba: an Oceanic language of Papua New Guinea},
  author={Margetts, Anna},
  year={1999},
  school={Radboud University Nijmegen Nijmegen}
}

@article{margetts2015person,
  title={Person shift at narrative peak},
  author={Margetts, Anna},
  journal={Language},
  volume={91},
  number={4},
  pages={755--805},
  year={2015},
  publisher={Linguistic Society of America}
}

@inbook{Matthews2006,
  title={On serial verb constructions in Cantonese},
  author={Matthews, Stephen},
  booktitle={Serial Verb Constructions. A Cross-Linguistic Typology},
  editor={Aikhenvald, Alexandra Y and Dixon, R M W},
  pages={69--87},
  year={2006}
}

@phdthesis{mayani2013grammar,
  title={A Grammar of Tajio. A Language Spoken in Central Sulawesi},
  author={Mayani, Luh Anik},
  year={2013},
  school={Universit{\"a}t zu K{\"o}ln}
}

@inproceedings{mccawley1971prelexical,
  title={Prelexical syntax},
  author={McCawley, James D},
  booktitle={Report of the 22nd roundtable meeting on linguistics and language studies},
  pages={19--33},
  year={1971}
}

@inbook{mead2008verb,
  title={Verb Serialisation in Tolaki},
  author={Mead, David and Youngman, Scott},
  booktitle={Serial Verb Constructions in Austronesian and Papuan Languages},
  editor={Senft, Gunter},
  year={2008},
  pages={113--140},
}

@inbook{menick1996verb,
  title={Verb sequences in Moi},
  author={Menick, Raymond H},
  booktitle={Studies in Irian languages},
  editor={Reesink, Ger},
  volume={1},
  pages={41},
  year={1996},
  publisher={Badan Penyelenggara Seri NUSA, Universitas Katolik Indonesia Atma Jaya}
}

@phdthesis{mofu2008biak,
  title={Biak morphosyntax},
  author={Mofu, Suriel Semuel},
  year={2008},
  school={University of Oxford}
}

@book{muysken2006serial,
  title={Serial verbs},
  author={Muysken, Pieter and Veenstra, Tonjes},
  booktitle={The Blackwell companion to syntax},
  editor={Everaert, Martin and Riemsdijk, Henk van},
  pages={234--270},
  year={2006},
  publisher={Wiley Online Library}
}

@article{newtson1976perceptual,
  title={The perceptual organization of ongoing behavior},
  author={Newtson, Darren and Engquist, Gretchen},
  journal={Journal of Experimental Social Psychology},
  volume={12},
  number={5},
  pages={436--450},
  year={1976},
  publisher={Elsevier}
}

@book{nishiyama2007grammar,
  title={A Grammar of Lamaholot},
  author={Nishiyama, Kunio and Kelen, Herman},
  publisher={Lincom Europa},
  year={2007}
}

@article{nordhoff2012,
  title={Multi-verb constructions in Sri Lanka Malay},
  author={Nordhoff, Sebastian},
  journal={Journal of Pidgin and Creole Languages},
  volume={27},
  number={2},
  pages={303--343},
  year={2012},
  publisher={John Benjamins Publishing Company}
}

@inbook{naess2004serial,
  title={Serial verbs and complex constructions in Pileni},
  author={N{\ae}ss, {\AA}shild},
  booktitle={Complex predicates in Oceanic languages: studies in the dynamics of binding and boundness},
  editor={Bril, Isabelle and Ozanne-Rivierre, Françoise},
  volume={29},
  pages={225--250},
  year={2004},
  publisher={Walter de Gruyter}
}

@inbook{ode2002sketch,
  title={A sketch of Mpur},
  author={Od{\'e}, Cecilia},
  booktitle={Languages of the Eastern Bird’s Head},
  editor={Reesink, Ger},
  pages={45--107},
  year={2002}
}

@thesis{olson1981barai,
  title={Barai clause junctures: toward a functional theory of interclausal relations},
  author={Olson, Michael Leon},
  year={1981},
  type={PhD thesis},
  publisher={The Australian National University}
}

@article{omelia1966first,
  title={First Year Cantonese, revised edition, Vol. 2},
  author={O’Melia, Thomas},
  journal={Hong Kong: Catholic Truth Society.[first edition 1938]},
  year={1966}
}

@InBook{Pawley1987,
author = {Pawley, Andrew},
editor = {Russell S. Tomlin},
title = {Encoding events in Kalam and English: different logics for reporting experience},
booktitle = {Coherence and grounding in discourse},
year = {1987},
publisher = {John Benjamins},
location = {Amsterdam/Philadelphia},
pages = {329--360},
}

@inbook{pawley1991saying,
  title={Saying things in Kalam: reflections on language and translation},
  author={Pawley, Andrew},
  booktitle={Man and a half: essays in Pacific anthropology and ethnobiology in honour of Ralph Bulmer},
  editor={Pawley, Andrew},
  volume={48},
  number={3},
  pages={432},
  year={1991},
  publisher={Polynesian Society}
}

@inbook{pawley2008serial,
  title={Compact versus narrative serial verb constructions in Kalam},
  author={Pawley, Andrew},
  booktitle={Serial verb constructions in Austronesian and Papuan
languages},
  editor={Senft, Gunter},
  pages={171--202},
  year={2008}
}

@inbook{pawley2011event,
  title={Event representation in serial verb constructions},
  author={Pawley, Andrew},
  booktitle={Event representation in language and cognition},
  editor={Bohnemeyer, J{\"u}rgen and Pedersen, Eric},
  pages={13--42},
  year={2011}
}

@BOOK{sebba1987syntax,
  title={The syntax of serial verbs: An investigation into serialisation in Sranan and other languages},
  author={Sebba, Mark},
  year={1987},
  publisher={John Benjamins Publishing}
}

@inbook{van2008serial,
  title={Serial verb constructions in a linguistic area},
  author={van Staden, Miriam and Reesink, Ger},
  booktitle={Serial verb constructions in Austronesian and Papuan languages},
  editor={Senft, Gunter},
  pages={17--54},
  year={2008},
  publisher={Pacific Linguistics}
}

@book{van2000tidore,
  title={Tidore: A linguistic description of a language of the North Moluccas},
  author={van Staden, Miriam},
  year={2000},
  publisher={Universiteit Leiden},
}

@inbook{talmy1985lexicalization,
  title={Lexicalization patterns: Semantic structure in lexical forms},
  author={Talmy, Leonard},
  booktitle={Language typology and syntactic description: Grammatical categories and the lexicon},
  editor={Shopen, Timothy},
  volume={3},
  pages={36--149},
  year={1985}
}

@book{talmy2000toward,
  title={Toward a cognitive semantics},
  author={Talmy, Leonard},
  year={2000},
  publisher={MIT Press}
}

@book{thomason2001language,
  title={Language contact: An Introduction},
  author={Thomason, Sarah Grey},
  year={2001},
  publisher={Edinburgh University Press}
}

@phdthesis{tjia1997verb,
  title={Verb serialization in Ambonese Malay},
  author={Tjia, Johnny},
  year={1997},
  school={University of Oregon}
}

@InBook{Tryon1995,
author = {Darrell T. Tryon},
editor = {Darrell T. Tryon},
title = {The Austronesian languages},
booktitle = {Comparative Austronesian Dictionary. An Introduction to Austronesian Studies},
year = {1995},
publisher = {Mouton de Gruyter},
pages = {5-44},
}

@book{van1997syntax,
  title={Syntax: Structure, meaning, and function},
  author={Van Valin Jr, Robert D and LaPolla, Randy J},
  year={1997},
  publisher={Cambridge University Press}
}

@article{vendler1957verbs,
  title={Verbs and times},
  author={Vendler, Zeno},
  journal={The philosophical review},
  pages={143--160},
  year={1957},
}

@InBook{Voorhoeve1994,
author = {Voorhoeve, Clemens L.},
editor = {Tom Dutton and Darrell T. Tryon},
title = {Contact-induced change in the non-Austronesian languages in the north Moluccas, Indonesia},
booktitle = {Language contact and change in the Austronesian world},
year = {1994},
publisher = {Mouton de Gruyter},
pages = {649--674},
}

@book{devries2004,
  title={A short grammar of Inanwatan, an endangered language of the Bird's Head of Papua, Indonesia},
  author={de Vries, Lourens},
  year={2004},
  publisher={Pacific Linguistics Research School of Pacific and Asian Studies}
}
\\
@article{devries2005towards,
  title={Towards a typology of tail--head linkage in Papuan languages},
  author={de Vries, Lourens},
  journal={Studies in Language},
  volume={29},
  number={2},
  pages={363--384},
  year={2005},
  publisher={John Benjamins Publishing Company}
}

@article{devries2006areal,
  title={Areal pragmatics of New Guinea: Thematization, distribution and recapitulative linkage in Papuan narratives},
  author={de Vries, Lourens},
  journal={Journal of pragmatics},
  volume={38},
  number={6},
  pages={811--828},
  year={2006},
  publisher={Elsevier}
}

@article{Welzen2011,
  title={Wallace's Line and plant distributions: two or three phytogeographical areas and where to group Java?},
  author={Van Welzen, Peter C and Parnell, John A N and Slik, J W Ferry},
  journal={Biological Journal of the Linnean Society},
  volume={103},
  number={3},
  pages={531--545},
  year={2011},
  publisher={Oxford University Press}
}

@book{wouk2002history,
  title={The history and typology of western Austronesian voice systems},
  author={Wouk, Fay and Ross, Malcolm},
  year={2002},
  publisher={Pacific Linguistics}
}

@incollection{wunderlich2012lexical,
  title={Lexical decomposition in grammar},
  author={Wunderlich, Dieter},
  booktitle={The Oxford handbook of compositionality},
  editor={Werning, Markus and Hinzen, Wolfram and Machery, Edouard},
  year={2012}
}

@article{zwicky1990we,
  title={What are we talking about when we talk about serial verbs?},
  author={Zwicky, Arnold M},
  journal={Working Papers in Linguistics},
  volume={39},
  pages={1--13},
  year={1990}
}

@article{zacks2007event,
  title={Event segmentation},
  author={Zacks, Jeffrey M and Swallow, Khena M},
  journal={Current Directions in Psychological Science},
  volume={16},
  number={2},
  pages={80--84},
  year={2007},
  publisher={SAGE Publications Sage CA: Los Angeles, CA}
}

@article{zacks2010we,
  title={How we organize our experience into events},
  author={Zacks, Jeffrey M},
  journal={Psychological Science Agenda},
  volume={24},
  number={4},
  year={2010}
}

@article{zwicky1985heads1,
  title={Heads},
  author={Zwicky, Arnold M},
  journal={Journal of linguistics},
  volume={21},
  number={1},
  pages={1--29},
  year={1985},
  publisher={Cambridge University Press}
}

@inbook{zwicky199313,
  title={Heads, bases and functors},
  author={Zwicky, Arnold M},
  booktitle={Heads in Grammatical Gheory},
  editor={Corbett, Greville G and Fraser, Norman M and McGlashan, Scott},
  pages={292--316},
  year={1993},
  publisher={Cambridge University Press}
}

@article{zwicky1990we,
  title={What are we talking about when we talk about serial verbs?},
  author={Zwicky, Arnold M},
  journal={Working Papers in Linguistics},
  volume={39},
  pages={1--13},
  year={1990}
}
