@inbook{adelaar2005austronesian,
  title={The {Austronesian} languages of {Asia} and {Madagascar}: a historical perspective},
  author={Adelaar, Alexander},
  booktitle={The {Austronesian} languages of {Asia} and {Madagascar}},
  editor={Adelaar, Alexander and Himmelmann, Nikolaus},
  pages={1--42},
  year={2005},
  publisher={Routledge London \& New York}
}

@unpublished{riesberg2013,
	author = {Riesberg, Sonja},
	note = {Paper presented in the Early Career Session at the international conference ``Language Documentation: Past -- Present -- Future”, at Schloss Herrenhausen Hannover, Germany, 05. - },
	title = {Multi-verb constructions in {Yali}},
	urldate = 07.06.2013,
	year = {2013}
}

@thesis{olson1981barai,
	author = {Olson, Michael Leon},
	publisher = {The Australian National University},
	title = {Barai clause junctures: {Toward} a functional theory of interclausal relations},
	type = {PhD thesis},
	year = {1981}
}

@phdthesis{tjia1997verb,
	author = {Tjia, Johnny},
	school = {University of Oregon},
	title = {Verb serialization in {{Ambonese}} {{Malay}}},
	year = {1997}
}

@phdthesis{schapper2009bunaq,
	author = {Schapper, Antoinette},
	school = {Australian National University},
	title = {Bunaq: {A} {{Papuan}} language of {{Central}} {{Timor}}},
	year = {2009}
}

@phdthesis{mofu2008biak,
	author = {Mofu, Suriel Semuel},
	school = {University of Oxford},
	title = {Biak morphosyntax},
	year = {2008}
}

@phdthesis{mayani2013grammar,
	author = {Mayani, Luh Anik},
	school = {Universit{\"a}t zu K{\"o}ln},
	title = {A Grammar of {{Tajio}}. {A} Language Spoken in {{Central}} {Sulawesi}},
	year = {2013}
}

@phdthesis{margetts1999valence,
	author = {Margetts, Anna},
	school = {Radboud University Nijmegen Nijmegen},
	title = {Valence and transitivity in {{Saliba}}: {An} {{Oceanic}} language of {{Papua}} {New} {{Guinea}}},
	year = {1999}
}

@phdthesis{jukes2006makassarese,
	author = {Jukes, Anthony},
	school = {University of Melbourne, Department of Linguistics and Applied Linguistics},
	title = {Makassarese (basa {Mangkasara'}): {A} description of an {{Austronesian}} language of {{South}} {Sulawesi}},
	year = {2006}
}

@phdthesis{gruber1965studies,
	author = {Gruber, Jeffrey Steven},
	school = {Massachusetts Institute of Technology},
	title = {Studies in lexical relations.},
	year = {1965}
}

@phdthesis{grimes1991buru,
	author = {Grimes, Charles E},
	school = {Canberra: The Australian National University},
	title = {The {{Buru}} language of {{Eastern}} {{Indonesia}}},
	year = {1991}
}

@phdthesis{gravelle2010grammar,
	author = {Gravelle, Gloria},
	school = {Vrije Universiteit Amsterdam},
	title = {A grammar of {{Moskona}}: {An} {{East}} {Bird’s} {Head} language of {{West}} {{Papua}}, {{Indonesia}}},
	year = {2010}
}

@misc{leto2012totoli,
	author = {Leto, Claudia and Alamudi, Winarno S and Himmelmann , Nikolaus P and Kuhnt-Saptodewo, Jani and Riesberg, Sonja and Basri, Hasan},
	publisher = {DobeS Archive MPI Nijmegen},
	title = {{DoB}eS {{Totoli}} documentation},
	url = {http://dobes.mpi.nl/projects/totoli/},
	year = {2005--2010}
}

@misc{kirihio2009dobes,
	author = {Kirihio, J Karter and Unterladstetter, Volker and Arilaha, Apriani and Morigerowski, F and Loch, Alexander and Sawaki, Yusuf and Himmelmann, Nikolaus P},
	publisher = {DoBeS Archive, MPI Nijmegen},
	title = {{DoB}eS {Wooi} documentation},
	year = {2009--2015}
}

@misc{engelhardt2010,
	author = {Engelhardt, Sonja},
	pages = {105},
	publisher = {MA thesis},
	title = {Das Verh{\"a}ltnis von {Intonationseinheiten} zu grammatischen {Einheiten} im {Waima‘a} ({Osttimor}). {Eine} empirische {Arbeit} ({{MA}} thesis)},
	year = {2010}
}

@misc{belo2002-2006,
	author = {Belo, Maur{\'i}cio C A and Bowden, John and Hajek, John and Himmelman, Nikolaus P and Tilman, Alexandre V},
	publisher = {DoBeS Archive, MPI Nijmegen},
	title = {{DoB}eS {{Waima'a}} documentation},
	year = {2002--2006}
}

@inproceedings{mccawley1971prelexical,
	author = {McCawley, James D},
	booktitle = {Report of the 22nd roundtable meeting on linguistics and language studies},
	pages = {19--33},
	title = {Prelexical syntax},
	year = {1971}
}

@inproceedings{kamholz2009,
	author = {Kamholz, David},
	booktitle = {{Handouts from Eleventh International Conference on {Austronesian} Linguistics, Aussois, {France}, June}},
	pages = {22--26},
	title = {More {Moor}},
	year = {2009}
}

@inproceedings{foley2008,
	author = {Foley, William A},
	journal = {SEALS XIV},
	pages = {129--156},
	title = {The notion of “event” and serial verb constructions: {Arguments} from {New} {{Guinea}}},
	year = {2008}
}

@inproceedings{defina2012conceptual,
	author = {Defina, Rebecca and Majid, Asifa},
	booktitle = {Proceedings of the Cognitive Science Society},
	number = {34},
	pages = {1470--1475},
	title = {Conceptual event units of putting and taking in two unrelated languages},
	volume = {34},
	year = {2012},
}

@inproceedings{LiThompson1973,
	author = {Charles N. Li and Sandra A. Thompson},
	booktitle = {You take the high node and I'll take the low node. {{P}}apers from the Comparative Syntax Festival. {{T}}he Difference between Main and Subordinate Clause},
	editor = {Claudia Corum and T. Cedric Smith-Stark and Ann Weiser},
	location = {Chicago},
	publisher = {Chicago Linguistic Society},
	title = {Serial Verb Constructions in {{Mandarin}} {{Chinese}}: {Subordination} or Co-ordination?},
	year = {1973}
}

@inproceedings{Bellwood1998,
	author = {Peter Bellwood},
	booktitle = {{Perspectives on the Bird'S Head of {Irian} {Jaya}, {Indonesia}. {{P}}roceedings of the Conference, {Leiden}, 13-17 October 1997}},
	editor = {Jelle Miedema and Cecilia Odé and Rien A. C. Ram},
	location = {Amsterdam/Atlanta},
	pages = {951--978},
	publisher = {GA},
	title = {From {Bird's} {Head} to bird's eye view: {L}ong term structures and trends in {Indo}-{Pacific} prehistory},
	year = {1998}
}

@incollection{wunderlich2012lexical,
	address = {\biberror{no address}},
	author = {Wunderlich, Dieter},
	booktitle = {The {Oxford} handbook of compositionality},
	editor = {Werning, Markus and Hinzen, Wolfram and Machery, Edouard},
	pages = {\biberror{no pages}},
	publisher = {\biberror{no publisher}},
	title = {Lexical decomposition in grammar},
	year = {2012}
}

@incollection{senft2008event,
	address = {\biberror{no address}},
	author = {Senft, Gunter},
	booktitle = {Serial verb constructions in {Austronesian} and {Papuan} languages},
	editor = {Senft, Gunter},
	pages = {203--230},
	publisher = {Pacific Linguistics Publishers},
	title = {Event conceptualization and event report in serial verb constructions in {Kilivila}: {Towards} a new approach to research an old phenomenon},
	year = {2008}
}

@incollection{reesink2002grammar,
	address = {\biberror{no address}},
	author = {Reesink, Ger},
	booktitle = {Languages of the {Eastern} Bird's Head},
	editor = {Reesink, Ger},
	pages = {181--275},
	publisher = {Pacific Linguistics},
	title = {A grammar sketch of {Sougb}},
	year = {2002}
}

@incollection{reesink2002eastern,
	address = {\biberror{no address}},
	author = {Reesink, Ger},
	booktitle = {Languages of the {Eastern} Bird's Head},
	editor = {Reesink, Ger},
	pages = {1--44},
	publisher = {Pacific Linguistics},
	title = {The {{Eastern}} {Bird's} {Head} languages},
	year = {2002}
}

@incollection{holton2010person,
	address = {\biberror{no address}},
	author = {Holton, Gary},
	booktitle = {Typological and areal analyses: {{C}}ontributions from {East} {Nusantara}},
	editor = {Ewing, Michael C and Klamer, Marian},
	pages = {99--119},
	publisher = {\biberror{no publisher}},
	title = {Person-marking, verb classes, and the notion of grammatical alignment in {{Western}} {Pantar} ({Lamma})},
	year = {2010}
}

@incollection{ameka2005multiverb,
	address = {\biberror{no address}},
	author = {Ameka, Felix K},
	booktitle = {Grammar and beyond: {{{E}}}ssays in honour of Lars Hellan},
	editor = {\biberror{no editor}},
	pages = {15--42},
	publisher = {Novus},
	title = {Multiverb constructions on the {{West}} {{African}} littoral: {microvariation} and areal typology},
	year = {2005}
}

@inbook{zwicky199313,
	author = {Zwicky, Arnold M},
	booktitle = {Heads in Grammatical Theory},
	editor = {Corbett, Greville G and Fraser, Norman M and McGlashan, Scott},
	pages = {292--316},
	publisher = {Cambridge University Press},
	title = {Heads, bases and functors},
	year = {1993}
}

@inbook{wals-86,
	address = {Leipzig},
	author = {Matthew S. Dryer},
	booktitle = {The {World} Atlas of Language Structures Online},
	editor = {Matthew S. Dryer and Martin Haspelmath},
	publisher = {Max Planck Institute for Evolutionary Anthropology},
	title = {Order of Genitive and Noun},
	url = {http://wals.info/chapter/86},
	year = {2013}
}

@inbook{vanstaden2008serial,
	author = {van Staden, Miriam and Reesink, Ger},
	booktitle = {Serial verb constructions in {Austronesian} and {Papuan} languages},
	editor = {Senft, Gunter},
	pages = {17--54},
	publisher = {Pacific Linguistics},
	title = {Serial verb constructions in a linguistic area},
	year = {2008}
}

@inbook{talmy1985lexicalization,
	author = {Talmy, Leonard},
	booktitle = {Language typology and syntactic description: {{G}}rammatical categories and the lexicon},
	editor = {Shopen, Timothy},
	pages = {36--149},
	title = {Lexicalization patterns: {Semantic} structure in lexical forms},
	volume = {3},
	year = {1985}
}

@inbook{slobin2004many,
	address = {Mahwah, NJ},
	author = {Slobin, Dan I},
	booktitle = {Relating events in narrative: {{T}}ypological and contextual perspectives},
	editor = {Str{\"o}mqvist, Sven and Verhoeven, Ludo},
	pages = {219--257},
	publisher = {Lawrence Erlbaum},
	title = {The many ways to search for a frog},
	year = {2004}
}

@inbook{seuren1991definition,
	author = {Seuren, Pieter},
	booktitle = {Development and structures of creole languages},
	editor = {Byrne, Francis and Huebner, Thom},
	pages = {193--205},
	title = {The definition of serial verbs},
	year = {1991}
}

@inbook{senft2008intro,
	author = {Senft, Gunter},
	booktitle = {Serial verb constructions in {Austronesian} and {Papuan} languages},
	editor = {Senft, Gunter},
	pages = {1--16},
	publisher = {Pacific Linguistics Publishers},
	title = {Introduction},
	year = {2008}
}

@inbook{schapper2014intro,
	author = {Schapper, Antoinette},
	booktitle = {The {{Papuan}} Languages of {{Timor}}, {Alor} and {Pantar}: {Volume} 1: {Sketch} Grammars},
	editor = {Schapper, Antoinette},
	pages = {1--22},
	publisher = {Walter de Gruyter},
	title = {Introduction},
	year = {2014}
}

@inbook{schachter1976subject,
	author = {Schachter, Paul},
	booktitle = {Subject and topic},
	editor = {Li, Charles N},
	pages = {491--518},
	publisher = {Academic Press},
	title = {The subject in {{Philippine}} languages: {Topic}, actor, actor-topic, or none of the above},
	volume = {1976},
	year = {1976}
}

@inbook{reesink2005west,
	address = {Canberra},
	author = {Reesink, Ger},
	booktitle = {{{Papuan}} Pasts: {{S}}tudies in the cultural, linguistic and biological history of the {{Papuan}}-speaking peoples},
	editor = {Pawley, Andrew and Attenborough, Robert and Golson, Jack and Hide, Robin},
	pages = {185--218},
	publisher = {Pacific Linguistics},
	title = {{West} {{Papuan}} languages: {Roots} and development},
	year = {2005}
}

@inbook{rappaport1998building,
	author = {Rappaport Hovav, Malka and Levin, Beth},
	booktitle = {The projection of arguments: {{L}}exical and compositional factors},
	editor = {Butt, Miriam and Geuder, Wilhelm},
	pages = {97--134},
	title = {Building verb meanings},
	year = {1998}
}

@inbook{pianesi2000events,
	author = {Pianesi, Fabio and Varzi, Achille C},
	booktitle = {Speaking of events},
	editor = {Higginbotham, James and Pianesi, Fabio and Varzi, Achille C.},
	pages = {3--47},
	publisher = {New York and Oxford: Oxford University Press},
	title = {Events and event talk: {An} introduction},
	year = {2000}
}

@inbook{pawley2011event,
	author = {Pawley, Andrew},
	booktitle = {Event representation in language and cognition},
	editor = {Bohnemeyer, J{\"u}rgen and Pedersen, Eric},
	pages = {13--42},
	title = {Event representation in serial verb constructions},
	year = {2011}
}

@inbook{pawley2008serial,
	author = {Pawley, Andrew},
	booktitle = {Serial verb constructions in {Austronesian} and {Papuan} languages},
	editor = {Senft, Gunter},
	pages = {171--202},
	title = {Compact versus narrative serial verb constructions in {{Kalam}}},
	year = {2008}
}

@inbook{pawley1991saying,
	author = {Pawley, Andrew},
	booktitle = {{Man} and a half: {{{E}}}ssays in {Pacific} anthropology and ethnobiology in honour of Ralph Bulmer},
	editor = {Pawley, Andrew},
	number = {3},
	pages = {432},
	publisher = {Polynesian Society},
	title = {Saying things in {{Kalam}}: {Reflections} on language and translation},
	volume = {48},
	year = {1991}
}

@inbook{ode2002sketch,
	author = {Od{\'e}, Cecilia},
	booktitle = {Languages of the {Eastern} Bird’s Head},
	editor = {Reesink, Ger},
	pages = {45--107},
	title = {A sketch of {Mpur}},
	year = {2002}
}

@inbook{naess2004serial,
	author = {N{\ae}ss, {\AA}shild},
	booktitle = {Complex predicates in {Oceanic} languages: {{S}}tudies in the dynamics of binding and boundness},
	editor = {Bril, Isabelle and Ozanne-Rivierre, Françoise},
	pages = {225--250},
	publisher = {Walter de Gruyter},
	title = {Serial verbs and complex constructions in {{Pileni}}},
	volume = {29},
	year = {2004}
}

@inbook{menick1996verb,
	author = {Menick, Raymond H},
	booktitle = {Studies in {Irian} languages},
	editor = {Reesink, Ger},
	pages = {41},
	publisher = {Badan Penyelenggara Seri NUSA, Universitas Katolik Indonesia Atma Jaya},
	title = {Verb sequences in {{Moi}}},
	volume = {1},
	year = {1996}
}

@inbook{mead2008verb,
	author = {Mead, David and Youngman, Scott},
	booktitle = {Serial Verb Constructions in {Austronesian} and {Papuan} Languages},
	editor = {Senft, Gunter},
	pages = {113--140},
	title = {Verb Serialisation in {Tolaki}},
	year = {2008}
}

@inbook{maienborn2011event,
	author = {Maienborn, Claudia},
	booktitle = {Semantics: {{A}}n international handbook of natural language meaning},
	editor = {Maienborn, Claudia and Heusinger, Klaus von and Portner, Paul},
	pages = {802--829},
	title = {Event semantics},
	volume = {1},
	year = {2011}
}

@inbook{kratzer1995individual,
	author = {Kratzer, Angelika},
	booktitle = {The generic book},
	editor = {Carlson, Gregory N and Pelletier, Francis Jeffry},
	pages = {125--175},
	publisher = {University of Chicago Press},
	title = {Individual-level predicates},
	year = {1995}
}

@inbook{klamer2014kaera,
	author = {Klamer, Marian},
	booktitle = {The {Papuan} Languages of {Timor}, Alor and Pantar: {{V}}olume 1: {{S}}ketch Grammars},
	editor = {Schapper, Antoinette},
	pages = {97--146},
	publisher = {de Gruyter},
	title = {{Kaera}},
	year = {2014}
}

@inbook{klamer2014alor,
	author = {Klamer, Marian},
	booktitle = {The Alor-Pantar languages: {{H}}istory and typology},
	editor = {Klamer, Marian},
	pages = {5--53},
	title = {The {Alor}-{Pantar} languages: {Linguistic} context, history and typology},
	year = {2014}
}

@inbook{jukes2005makassar,
	author = {Jukes, Anthony},
	booktitle = {The {Austronesian} languages of {Asia} and {Madagascar}},
	editor = {Adelaar, K Alexander and Himmelmann, Nikolaus},
	location = {London},
	publisher = {Routledge},
	title = {Makassar},
	volume = {7},
	year = {2005}
}

@inbook{holton2014western,
	author = {Holton, Gary},
	booktitle = {{Papuan} languages of {Timor}, Alor and Pantar: {{S}}ketch grammars},
	editor = {Schapper, Antoinette},
	pages = {23--96},
	title = {{Western} {Pantar}},
	volume = {1},
	year = {2014}
}

@inbook{himmelmann2006challenges,
	address = {Berlin},
	author = {Himmelmann, Nikolaus P},
	booktitle = {Essentials of language documentation},
	editor = {Gippert, Jost and Himmelmann, Nikolaus P. and Mosel, Ulrike},
	pages = {253--274},
	publisher = {Mouton de Gruyter},
	title = {The challenges of segmenting spoken language},
	year = {2006}
}

@inbook{himmelmann2005gram,
	author = {Himmelmann, Nikolaus P},
	booktitle = {{Wortarten} und {Grammatikalisierung}. {{P}}erspektiven in System und Erwerb},
	editor = {Knobloch, Clemens and Schaeder, Burkhard},
	pages = {79--93},
	title = {Gram, construction, and class formation},
	year = {2005}
}

@inbook{himmelmann2004lexicalization,
	author = {Himmelmann, Nikolaus P},
	booktitle = {What makes grammaticalization?: {{A}} Look from Its Fringes and Its Components},
	editor = {Bisang, Walter and Himmelmann, Nikolaus and Wiemer, Bj{\"o}rn},
	pages = {21--42},
	title = {Lexicalization and grammaticization: {Opposite} or orthogonal},
	year = {2004}
}

@inbook{haspelmath2013argument,
	author = {Haspelmath, Martin},
	booktitle = {Languages across boundaries: {{S}}tudies in memory of {Anna} {Siewierska}},
	editor = {Bakker, Dik and Haspelmath, Martin},
	pages = {197--226},
	title = {Argument indexing: {A} conceptual framework for the syntactic status of bound person forms},
	year = {2013}
}

@inbook{givon1991serial,
	author = {Giv{\'o}n, Talmy},
	booktitle = {Approaches to grammaticalization},
	editor = {Traugott, Elizabeth Closs and Heine, Bernd},
	pages = {81--127},
	publisher = {John Benjamins},
	title = {Serial verbs and the mental reality of ‘event’: {Grammatical} vs. {{C}}ognitive packaging},
	volume = {1},
	year = {1991}
}

@inbook{fox2005ritual,
	author = {Fox, James J},
	booktitle = {The {Austronesian} languages of {Asia} and {Madagascar}},
	editor = {Adelaar, Alexander and Himmelmann, Nikolaus},
	pages = {87--109},
	title = {Ritual languages, special registers and speech decorum in {{Austronesian}} languages},
	year = {2005}
}

@inbook{foley2010events,
	author = {Foley, William A},
	booktitle = {Complex predicates: {{C}}ross-linguistic perspectives on event structure},
	editor = {Amberber, Mengistu and Baker, Brett and Harvey, Mark},
	pages = {79--109},
	title = {Events and serial verb constructions},
	year = {2010}
}

@inbook{engelberg2011frameworks,
	author = {Engelberg, Stefan},
	booktitle = {Semantics: {{A}}n international handbook of natural language meaning},
	editor = {Maienborn, Claudia and Heusinger, Klaus von and Portner, Paul},
	pages = {358--399},
	title = {Frameworks of lexical decomposition of verbs},
	volume = {1},
	year = {2011}
}

@inbook{enfield2008verbs,
	author = {Enfield, Nicholas J},
	booktitle = {The {Tai}-Kadai languages},
	editor = {Diller, Anthony V N and Edmondson, Jerold A and Luo, Yongxian},
	pages = {83--183},
	publisher = {Routledge},
	title = {Verbs and multi-verb construction in {{Lao}}},
	year = {2008}
}

@inbook{dixon2006serial,
	author = {Dixon, Robert M W},
	booktitle = {Serial verb constructions: {{A}} cross-linguistic typology},
	editor = {Alexandra Y. Aikhenvald and R. M.W. Dixon},
	pages = {338--50},
	title = {Serial verb constructions: {Conspectus} and coda},
	year = {2006}
}

@inbook{davidson1967logical,
	author = {Davidson, Donald},
	booktitle = {The Logic of Decision and Action},
	editor = {Rescher, Nicholas},
	title = {The logical form of action sentences},
	year = {1967}
}

@inbook{chierchia19953,
	author = {Chierchia, Gennaro},
	booktitle = {The generic book},
	editor = {Carlson, Gregory N and Pelletier, Francis Jeffry},
	pages = {176--223},
	publisher = {University of Chicago Press},
	title = {Individual-level predicates as inherent generics},
	year = {1995}
}

@inbook{butt2010light,
	author = {Butt, Miriam},
	booktitle = {Complex predicates: {{C}}ross-linguistic perspectives on event structure},
	editor = {Amberber, Mengistu and Baker, Brett and Harvey, Mark},
	pages = {48--78},
	publisher = {Cambridge University Press},
	title = {The light verb jungle: {S}till hacking away},
	year = {2010}
}

@inbook{bohnemeyer2011,
	author = {Bohnemeyer, J{\"u}rgen and Enfield, Nick J and Essegbey, James and Kita, Sotaro},
	booktitle = {Event representation in language and cognition},
	editor = {Bohnemeyer, J{\"u}rgen and Pedersen, Eric},
	pages = {43--67},
	publisher = {Cambridge University Press},
	title = {The macro-event property},
	year = {2011}
}

@inbook{baker2010complex,
	author = {Baker, Brett and Harvey, Mark},
	booktitle = {Complex predicates: {{C}}ross-linguistic perspectives on event structure},
	editor = {Amberber, Mengistu and Baker, Brett and Harvey, Mark},
	pages = {13--47},
	publisher = {Cambridge University Press},
	title = {Complex predicate formation},
	year = {2010}
}

@inbook{baird2008motion,
	author = {Baird, Louise},
	booktitle = {Serial verb constructions in {Austronesian} and {Papuan} languages},
	editor = {Senft, Gunter},
	pages = {55--74},
	publisher = {Pacific Linguistics},
	title = {{Motion} serialisation in {Keo}},
	year = {2008}
}

@inbook{ameka2006ewe,
	author = {Ameka, Felix K},
	booktitle = {Serial Verb Constructions: {{A}} cross-linguistic typology},
	editor = {Alexandra Y. Aikhenvald and R. M.W. Dixon},
	pages = {124--143},
	publisher = {Oxford University Press},
	title = {Ewe serial verb constructions in their grammatical context},
	year = {2006}
}

@inbook{alsina1997complex,
	author = {Alsina, Alex and Bresnan, Joan and Sells, Peter},
	booktitle = {Complex predicates},
	editor = {Alsina, Alex and Bresnan, Joan and Sells, Peter},
	pages = {13--47},
	publisher = {CSLI},
	title = {Complex predicates: {Structure} and theory},
	year = {1997}
}

@inbook{Ross2005,
	author = {Malcolm Ross},
	booktitle = {{{Papuan}} pasts. {{C}}ultural, linguistic and biological histories of {{Papuan}}-speaking peoples},
	editor = {Andrew Pawley and Robert Attenborough and Jack Golson and Robin Hide},
	location = {Canberra},
	pages = {15--66},
	publisher = {Pacific linguistics},
	title = {Pronouns as a preliminary diagnostic for grouping {{Papuan}} languages},
	year = {2005}
}

@inbook{Matthews2006,
	author = {Matthews, Stephen},
	booktitle = {Serial Verb Constructions. {{A}} Cross-Linguistic Typology},
	editor = {Aikhenvald, Alexandra Y and Dixon, R M W},
	pages = {69--87},
	title = {On serial verb constructions in {{Cantonese}}},
	year = {2006}
}

@inbook{Aikhenvald2011,
	author = {Aikhenvald, Alexandra Y},
	booktitle = {Multi-verb Constructions. {{A}} view from the {{Americas}}},
	editor = {Alexandra Y. Aikhenvald and Pieter Muysken},
	location = {Leiden/Boston},
	publisher = {Brill},
	title = {Multi-verb Constructions: {Setting} the Scene},
	year = {2011}
}

@inbook{Aikhenvald2006,
	author = {Aikhenvald, Alexandra Y},
	booktitle = {Serial Verb Constructions: {{A}} cross-linguistic typology},
	editor = {Alexandra Y. Aikhenvald and R. M.W. Dixon},
	location = {Oxford},
	pages = {1--68},
	publisher = {Oxford University Press},
	title = {Serial Verb Constructions in Typological Perspective},
	year = {2006}
}

@book{wouk2002history,
	address = {\biberror{no address}},
	author = {Wouk, Fay and Ross, Malcolm},
	publisher = {Pacific Linguistics},
	title = {The history and typology of western {{Austronesian}} voice systems},
	year = {2002}
}

@book{vanstaden2000tidore,
	address = {\biberror{no address}},
	author = {van Staden, Miriam},
	publisher = {Universiteit Leiden},
	title = {{Tidore}: {A} linguistic description of a language of the {{North}} {Moluccas}},
	year = {2000}
}

@book{vanklinken1999grammar,
	address = {\biberror{no address}},
	author = {van Klinken, Catharina Lumien},
	publisher = {Pacific Linguistics},
	title = {A grammar of the {Fehan} dialect of {{Tetun}}: {An} {{Austronesian}} language of {{West}} {{Timor}}},
	year = {1999}
}

@book{vanheuvel2006,
	address = {\biberror{no address}},
	author = {van den Heuvel, Wilco},
	publisher = {Netherlands Graduate School of Linguistics},
	title = {Biak, description of an {{Austronesian}} language of {{Papua}}},
	year = {2006}
}

@book{vandenberg1989,
	address = {\biberror{no address}},
	author = {van den Berg, Ren{\'e}},
	publisher = {Foris Publications Dordrecht},
	sortname = {van den Berg, Ren{e}},
	title = {A grammar of the {Muna} language},
	year = {1989}
}

@book{van1997syntax,
	address = {Cambridge},
	author = {Van Valin Jr, Robert D and LaPolla, Randy J},
	publisher = {Cambridge University Press},
	title = {Syntax: {{S}}tructure, meaning, and function},
	year = {1997}
}

@book{thomason2001language,
	address = {\biberror{no address}},
	author = {Thomason, Sarah Grey},
	publisher = {Edinburgh University Press},
	title = {Language contact: {An} Introduction},
	year = {2001}
}

@book{talmy2000toward,
	address = {\biberror{no address}},
	author = {Talmy, Leonard},
	publisher = {MIT Press},
	title = {Toward a cognitive semantics},
	year = {2000}
}

@book{sebba1987syntax,
	address = {Amsterdam},
	author = {Sebba, Mark},
	publisher = {John Benjamins Publishing},
	title = {The syntax of serial verbs: {{A}}n investigation into serialisation in {Sranan} and other languages},
	year = {1987}
}

@book{schultze2000simple,
	address = {\biberror{no address}},
	author = {Schultze-Berndt, Eva},
	publisher = {Radboud University Nijmegen},
	title = {Simple and complex predicates in {Jaminjung}: {A} study of event categorisation in an {{Australian}} language},
	year = {2000}
}

@book{ross2008lexicon,
	address = {\biberror{no address}},
	author = {Ross, Malcolm and Pawley, Andrew and Osmond, Meredith},
	location = {Canberra},
	publisher = {Pacific Linguistics},
	title = {The lexicon of {Proto} {{{Oceanic}}}: {The} culture and environment of ancestral {{{Oceanic}}} society},
	year = {2008}
}

@book{riesberg2014symmetrical,
	address = {Berlin},
	author = {Riesberg, Sonja},
	publisher = {Walter de Gruyter},
	title = {Symmetrical voice and linking in {{Western}} {{Austronesian}} languages},
	year = {2014}
}

@book{reesink1999grammar,
	address = {\biberror{no address}},
	author = {Reesink, Ger},
	publisher = {Pacific Linguistics},
	title = {A Grammar of {Hatam}: {Bird's} {Head} {Peninsula}, {{Irian}} {{Jaya}}},
	year = {1999}
}

@book{payne1997describing,
	address = {Cambridge},
	author = {Payne, Thomas Edward},
	publisher = {Cambridge University Press},
	title = {Describing morphosyntax: {A} guide for field linguists},
	year = {1997}
}

@book{nishiyama2007grammar,
	address = {\biberror{no address}},
	author = {Nishiyama, Kunio and Kelen, Herman},
	publisher = {Lincom Europa},
	title = {A Grammar of {Lamaholot}},
	year = {2007}
}

@book{muysken2006serial,
	address = {Hoboken},
	author = {Muysken, Pieter and Veenstra, Tonjes},
	booktitle = {The {Blackwell} companion to syntax},
	editor = {Everaert, Martin and Riemsdijk, Henk van},
	pages = {234--270},
	publisher = {Wiley Online Library},
	title = {Serial verbs},
	year = {2006}
}

@book{lynch2002oceanic,
	address = {\biberror{no address}},
	author = {Lynch, John and Ross, Malcolm and Crowley, Terry},
	publisher = {Psychology Press},
	title = {The {{Oceanic}} languages},
	volume = {1},
	year = {2002}
}

@book{lord1993historical,
	address = {Amsterdam},
	author = {Lord, Carol},
	publisher = {John Benjamins},
	title = {Historical change in serial verb constructions},
	year = {1993}
}

@book{levin2005argument,
	address = {Cambridge},
	author = {Levin, Beth and Hovav, Malka Rappaport},
	publisher = {Cambridge University Press},
	title = {Argument realization},
	year = {2005}
}

@book{lehmann2002thoughts,
	address = {\biberror{no address}},
	author = {Lehmann, Christian},
	publisher = {Language Science Press},
	title = {Thoughts on grammaticalization},
	volume = {3},
	year = {2015}
}

@book{lane2008kalam,
	address = {\biberror{no address}},
	author = {Lane, Jonathan},
	publisher = {Pacific Linguistics},
	title = {{Kalam} serial verb constructions},
	year = {2008}
}

@book{ladd2008intonational,
	address = {Cambridge},
	author = {Ladd, D Robert},
	publisher = {Cambridge University Press},
	title = {Intonational phonology},
	year = {2008}
}

@book{kroeger2005analyzing,
	address = {Cambridge},
	author = {Kroeger, Paul R},
	publisher = {Cambridge University Press},
	title = {Analyzing grammar: {An} introduction},
	year = {2005}
}

@book{kratochvil2007grammar,
	address = {\biberror{no address}},
	author = {Kratochv{\'i}l, Franti{\v{s}}ek},
	publisher = {Utrecht: LOT},
	sortname = {Kratochv{i}l, Frantisek},
	title = {A grammar of {{Abui}}: {A} {{Papuan}} language of {Alor}},
	year = {2007}
}

@book{kluge2014grammar,
	address = {Leiden},
	author = {Kluge, Angela},
	publisher = {LOT},
	title = {A grammar of {{Papuan}} {{Malay}}},
	year = {2014}
}

@book{klamer2011alorese,
	address = {\biberror{no address}},
	author = {Klamer, Marian},
	publisher = {Lincom Europa},
	title = {A short grammar of {Alorese} ({{Austronesian}})},
	year = {2011}
}

@book{klamer2010grammar,
	address = {Berlin},
	author = {Klamer, Marian},
	publisher = {Walter de Gruyter},
	title = {A grammar of {Teiwa}},
	volume = {49},
	year = {2010}
}

@book{klamer1998grammar,
	address = {Berlin},
	author = {Klamer, Marian},
	publisher = {Walter de Gruyter},
	title = {A grammar of {{Kambera}}},
	year = {1998}
}

@book{huber2011,
	address = {\biberror{no address}},
	author = {Huber, Juliette},
	publisher = {LOT-Netherlands Graduate School of Linguistics},
	title = {A grammar of {Makalero}: {A} {{Papuan}} language of {{East}} {{Timor}}},
	year = {2011}
}

@book{holton2003tobelo,
	address = {\biberror{no address}},
	author = {Holton, Gary},
	publisher = {Lincom Europa},
	title = {{Tobelo}},
	year = {2003}
}

@book{higginbotham2000events,
	address = {Oxford},
	author = {Higginbotham, James},
	publisher = {Oxford University Press Oxford},
	title = {On events in linguistic semantics},
	year = {2000}
}

@book{heeschen1998eipo,
	address = {\biberror{no address}},
	author = {Heeschen, Volker},
	publisher = {D. Reimer},
	title = {An ethnographic grammar of the {Eipo} language spoken in the central mountains of {{Irian}} {{Jaya}} ({{West}} {New} {{Guinea}}), {{Indonesia}}},
	year = {1998}
}

@book{grice1989studies,
	address = {\biberror{no address}},
	author = {Grice, H Paul},
	publisher = {Harvard University Press},
	title = {Studies in the Way of Words},
	year = {1989}
}

@book{goldberg2006constructions,
	address = {Oxford},
	author = {Goldberg, Adele E},
	publisher = {Oxford University Press},
	title = {Constructions at work: {The} nature of generalization in language},
	year = {2006}
}

@book{goldberg1995constructions,
	address = {\biberror{no address}},
	author = {Goldberg, Adele E},
	publisher = {University of Chicago Press},
	title = {Constructions: {A} construction grammar approach to argument structure},
	year = {1995}
}

@book{gasser2014windesi,
	address = {\biberror{no address}},
	author = {Gasser, Emily Anne},
	publisher = {Yale University},
	title = {{Windesi} {{Wamesa}} Morphophonology},
	year = {2014}
}

@book{fox2006speak,
	address = {Cambridge},
	author = {Fox, James J},
	publisher = {Cambridge University Press},
	title = {{To} speak in pairs: {Essays} on the ritual languages of {{Eastern}} {{Indonesia}}},
	year = {2006}
}

@book{foley1984functional,
	address = {\biberror{no address}},
	author = {Foley, William A and Van Valin Jr, Robert D},
	number = {38},
	publisher = {\biberror{no publisher}},
	series = {Cambridge Studies in Linguistics London},
	title = {Functional syntax and universal grammar},
	year = {1984}
}

@book{farr1999interface,
	address = {\biberror{no address}},
	author = {Farr, Cynthia JM},
	publisher = {Pacific Linguistics},
	title = {The interface between syntax and discourse in {Korafe}, a {{{Papua}n}} language of {{Papua}} {New} {{Guinea}}},
	year = {1999}
}

@book{donohue1999,
	address = {Berlin},
	author = {Donohue, Mark},
	publisher = {de Gruyter},
	title = {A grammar of {Tukang} {Besi}},
	year = {1999}
}

@book{dol2007grammar,
	address = {\biberror{no address}},
	author = {Dol, Philomena},
	publisher = {Pacific linguistics},
	title = {A grammar of {Maybrat}: {A} language of the {Bird's} {Head} {Peninsula}, {{Papua}} {Province}, {{Indonesia}}},
	year = {2007}
}

@book{devries2004,
	address = {\biberror{no address}},
	author = {de Vries, Lourens},
	publisher = {Pacific Linguistics Research School of Pacific and Asian Studies},
	title = {A short grammar of {Inanwatan}, an endangered language of the {Bird's} {Head} of {{Papua}}, {{Indonesia}}},
	year = {2004}
}

@book{davis2003grammar,
	address = {\biberror{no address}},
	author = {Davis, Karen},
	publisher = {Pacific Linguistics},
	title = {A grammar of the {Hoava} language, {{Western} Solomons}},
	year = {2003}
}

@book{dalrymple2012,
	address = {\biberror{no address}},
	author = {Dalrymple, Mary and Mofu, Suriel Semuel},
	publisher = {Lincom Europa},
	title = {{Dusner}},
	year = {2012}
}

@book{crowley2002serial,
	address = {Oxford},
	author = {Crowley, Terry},
	publisher = {Oxford University Press on Demand},
	title = {Serial verbs in {{Oceanic}}: {A} descriptive typology},
	year = {2002}
}

@book{croft2012verbs,
	address = {Oxford},
	author = {Croft, William},
	publisher = {Oxford University Press},
	title = {Verbs: {Aspect} and causal structure},
	year = {2012}
}

@book{croft2001radical,
	address = {Oxford},
	author = {Croft, William},
	publisher = {Oxford University Press},
	title = {Radical construction grammar: {Syntactic} theory in typological perspective},
	year = {2001}
}

@book{christaller1875,
	address = {\biberror{no address}},
	author = {Christaller, Johann Gottlieb},
	publisher = {\biberror{no publisher}},
	title = {A Grammar of the {{Asante}} and {{{Fante}}} Language Called {Tshi} [{Chwee}, {Twi}], Based on the {{Akuapem}} Dialect, with Reference to the Other [{Akan} and {{{Fante}}}] Dialects},
	year = {1875}
}

@book{chafe1994discourse,
	address = {\biberror{no address}},
	author = {Chafe, Wallace},
	publisher = {University of Chicago Press},
	title = {Discourse, consciousness, and time: {The} flow and displacement of conscious experience in speaking and writing},
	year = {1994}
}

@book{bybee1994evolution,
	address = {\biberror{no address}},
	author = {Bybee, Joan L and Perkins, Revere Dale and Pagliuca, William},
	publisher = {University of Chicago Press Chicago},
	title = {The evolution of grammar: {Tense}, aspect, and modality in the languages of the world},
	year = {1994}
}

@book{bril2004complex,
	address = {Berlin},
	author = {Bril, Isabelle and Ozanne-Rivierre, Fran{\c{c}}oise},
	publisher = {Walter de Gruyter},
	sortname = {Bril, Isabelle and Ozanne-Rivierre, Fran{\c{c}}oise},
	title = {Complex predicates in {{Oceanic}} languages: {Studies} in the dynamics of binding and boundness},
	year = {2004}
}

@book{bowden2001taba,
	address = {\biberror{no address}},
	author = {Bowden, John},
	publisher = {Pacific Linguistics},
	title = {Taba: {D}escription of a {{South}} {Halmahera} language},
	year = {2001}
}

@book{blust2009austronesian,
	address = {\biberror{no address}},
	author = {Blust, Robert},
	publisher = {Pacific Linguistics},
	title = {The {Austronesian} languages},
	year = {2009}
}

@book{bloomfield1933language,
	address = {\biberror{no address}},
	author = {Bloomfield, Leonard},
	location = {New York},
	publisher = {Holt},
	title = {Language},
	year = {1933}
}

@book{berry1999,
	address = {\biberror{no address}},
	author = {Berry, Keith and Berry, Christine},
	publisher = {Pacific Linguistics},
	title = {A description of {Abun}: {A} {{West}} {{Papuan}} language of {{Irian}} {{Jaya}}},
	year = {1999}
}

@book{baird2008grammar,
	address = {\biberror{no address}},
	author = {Baird, Louise},
	publisher = {Pacific Linguistics},
	title = {A grammar of {Klon}: {A} non-{Austronesian} language of {Alor}, {{Indonesia}}},
	year = {2008}
}

@article{zwicky1990we,
	author = {Zwicky, Arnold M},
	journal = {Working Papers in Linguistics},
	pages = {1--13},
	title = {What are we talking about when we talk about serial verbs?},
	volume = {39},
	year = {1990}
}

@article{zwicky1990we,
	author = {Zwicky, Arnold M},
	journal = {Working Papers in Linguistics},
	pages = {1--13},
	title = {What are we talking about when we talk about serial verbs?},
	volume = {39},
	year = {1990}
}

@article{zwicky1985heads1,
	author = {Zwicky, Arnold M},
	journal = {Journal of linguistics},
	number = {1},
	pages = {1--29},
	publisher = {Cambridge University Press},
	title = {Heads},
	volume = {21},
	year = {1985}
}

@article{zacks2010we,
	author = {Zacks, Jeffrey M},
	journal = {Psychological Science Agenda},
	number = {4},
	pages = {\biberror{no pages}},
	title = {How we organize our experience into events},
	volume = {24},
	year = {2010}
}

@article{zacks2007event,
	author = {Zacks, Jeffrey M and Swallow, Khena M},
	journal = {Current Directions in Psychological Science},
	number = {2},
	pages = {80--84},
	publisher = {SAGE Publications Sage CA: Los Angeles, CA},
	title = {Event segmentation},
	volume = {16},
	year = {2007}
}

@article{vendler1957verbs,
	author = {Vendler, Zeno},
	journal = {The philosophical review},
	pages = {143--160},
	title = {Verbs and times},
	volume = {\biberror{no volume}},
	year = {1957},
}

@article{schultze2004depictive,
	author = {Schultze-Berndt, Eva and Himmelmann, Nikolaus P},
	journal = {Linguistic typology},
	number = {1},
	pages = {59--131},
	title = {Depictive secondary predicates in crosslinguistic perspective},
	volume = {8},
	year = {2004}
}

@article{schapper2015wallacea,
	author = {Schapper, Antoinette},
	journal = {Archipel. {\'E}tudes interdisciplinaires sur le monde insulindien},
	pages = {99--151},
	publisher = {Association Archipel},
	title = {Wallacea, a linguistic area},
	volume = {90},
	year = {2015}
}

@article{schapper2011iconicity,
	author = {Schapper, Antoinette},
	journal = {Linguistics in the Netherlands},
	pages = {101--113},
	title = {Iconicity of sequence in the coding of source and goal in two {{Papuan}} languages},
	volume = {2011},
	year = {2011}
}

@article{rumsey2013intersubjectivity,
	author = {Rumsey, Alan},
	journal = {Language \& Communication},
	number = {3},
	pages = {326--343},
	title = {Intersubjectivity, deception and the `opacity of other minds’: {Perspectives} from {Highland} {New} {{Guinea}} and beyond},
	volume = {33},
	year = {2013},
}

@article{robbins2008not,
	author = {Robbins, Joel},
	journal = {Anthropological Quarterly},
	number = {2},
	pages = {421--429},
	title = {On not knowing other minds: {Confession}, intention, and linguistic exchange in a {{Papua}} {New} {{Guinea}} community},
	volume = {81},
	year = {2008},
}

@article{robbins2008introduction,
	author = {Robbins, Joel and Rumsey, Alan},
	journal = {Anthropological Quarterly},
	number = {2},
	pages = {407--420},
	title = {Introduction: {Cultural} and linguistic anthropology and the opacity of other minds},
	volume = {81},
	year = {2008},
}

@article{pustejovsky1991syntax,
	author = {Pustejovsky, James},
	journal = {Cognition},
	number = {1},
	pages = {47--81},
	title = {The syntax of event structure},
	volume = {41},
	year = {1991},
}

@article{omelia1966first,
	author = {O’Melia, Thomas},
	journal = {Hong Kong: Catholic Truth Society.[first edition 1938]},
	pages = {\biberror{no pages}},
	sortname = {O’Melia, Thomas},
	title = {First Year {{Cantonese}}, revised edition, Vol. 2},
	volume = {\biberror{no volume}},
	year = {1966}
}

@article{nordhoff2012,
	author = {Nordhoff, Sebastian},
	journal = {Journal of Pidgin and Creole Languages},
	number = {2},
	pages = {303--343},
	publisher = {John Benjamins Publishing Company},
	title = {Multi-verb constructions in {Sri} {Lanka} {{Malay}}},
	volume = {27},
	year = {2012}
}

@article{newtson1976perceptual,
	author = {Newtson, Darren and Engquist, Gretchen},
	journal = {Journal of Experimental Social Psychology},
	number = {5},
	pages = {436--450},
	publisher = {Elsevier},
	title = {The perceptual organization of ongoing behavior},
	volume = {12},
	year = {1976}
}

@article{margetts2015person,
	author = {Margetts, Anna},
	journal = {Language},
	number = {4},
	pages = {755--805},
	publisher = {Linguistic Society of America},
	title = {Person shift at narrative peak},
	volume = {91},
	year = {2015}
}

@article{maienborn2005limits,
	author = {Maienborn, Claudia},
	journal = {Theoretical linguistics},
	number = {3},
	pages = {275--316},
	title = {On the limits of the {Davidsonian} approach: {The} case of copula sentences},
	volume = {31},
	year = {2005}
}

@article{lichtenberk1991semantic,
	author = {Lichtenberk, Frantisek},
	journal = {Language},
	number = {3},
	pages = {475--509},
	publisher = {Linguistic Society of America},
	title = {Semantic change and heterosemy in grammaticalization},
	volume = {67},
	year = {1991}
}

@article{levinson2013recursion,
	author = {Levinson, Stephen C},
	journal = {Language},
	number = {1},
	pages = {149--162},
	publisher = {Linguistic Society of America},
	title = {Recursion in pragmatics},
	volume = {89},
	year = {2013}
}

@article{lakoff1970linguistics,
	author = {Lakoff, George},
	journal = {Synthese},
	number = {1},
	pages = {151--271},
	publisher = {Springer},
	title = {Linguistics and natural logic},
	volume = {22},
	year = {1970}
}

@article{klamer2012development,
	author = {Klamer, Marian and Schapper, Antoinette},
	journal = {Linguistic Discovery},
	pages = {174},
	title = {The development of `give’ constructions in the {{Papuan}} languages of {{Timor}}-{Alor}-{Pantar}},
	volume = {10},
	year = {2012}
}

@article{klamer2008east,
	author = {Klamer, Marian and Reesink, Ger and van Staden, Miriam},
	journal = {From linguistic areas to areal linguistics. Amsterdam: John Benjamins},
	pages = {95--149},
	title = {{East} {{Nusantara}} as a linguistic area},
	volume = {\biberror{no volume}},
	year = {2008}
}

@article{kay1999grammatical,
	author = {Kay, Paul and Fillmore, Charles J},
	journal = {Language},
	pages = {1--33},
	publisher = {JSTOR},
	title = {Grammatical constructions and linguistic generalizations: {The} What's {{X}} doing Y? {{C}}onstruction},
	volume = {\biberror{no volume}},
	year = {1999}
}

@article{jarkey2010cotemporal,
	author = {Jarkey, Nerida and others},
	journal = {Complex predicates: Cross-linguistic perspectives on event structure},
	pages = {110--134},
	publisher = {Cambridge University Press Cambridge},
	title = {Cotemporal serial verb constructions in {White} {Hmong}},
	volume = {\biberror{no volume}},
	year = {2010}
}

@incollection{huber2014,
	author = {Huber, Juliette and Schapper, Antoinette},
	booktitle = {Number and quantity in {East} {Nusantara}},
	editor = {Klamer, Marian and Kratochvíl, František},
	pages = {152--169},
	publisher = {Asia-Pacific Linguistics},
	title = {The relationship between aspect and universal quantification},
	year = {2014}
}

@article{holton2012historical,
	author = {Holton, Gary and Klamer, Marian and Kratochv{\'i}l, Franti{\v{s}}ek and Robinson, Laura C and Schapper, Antoinette},
	journal = {Oceanic Linguistics},
	pages = {86--122},
	sortname = {Holton, Gary and Klamer, Marian and Kratochv{i}l, Frantisek and Robinson, Laura C and Schapper, Antoinette},
	title = {The historical relations of the {{Papuan}} languages of {Alor} and {Pantar}},
	volume = {\biberror{no volume}},
	year = {2012},
}

@article{himmelmann2018,
	author = {Himmelmann, Nikolaus P and Sandler, Meytal and Strunk, Jan and Unterladstetter, Volker},
	journal = {Phonology},
	number = {2},
	pages = {207--245},
	title = {On the universality of intonational phrases: {A} cross-linguistic interrater study},
	volume = {35},
	year = {2018},
}

@article{higginbotham2005event,
	author = {Higginbotham, James},
	journal = {Theoretical Linguistics},
	number = {3},
	pages = {349--358},
	title = {Event positions: {Suppression} and emergence},
	volume = {31},
	year = {2005}
}

@article{higginbotham1985semantics,
	author = {Higginbotham, James},
	journal = {Linguistic Inquiry},
	number = {4},
	pages = {547--593},
	publisher = {JSTOR},
	title = {On semantics},
	volume = {16},
	year = {1985}
}

@article{haspelmath2016serial,
	author = {Haspelmath, Martin},
	journal = {Language and Linguistics},
	number = {3},
	pages = {291--319},
	publisher = {SAGE Publications Sage UK},
	title = {The serial verb construction: {Comparative} concept and cross-linguistic generalizations},
	volume = {17},
	year = {2016}
}

@article{fox1971semantic,
	author = {Fox, James J},
	journal = {Bijdragen tot de taal-, land-en Volkenkunde},
	pages = {215--255},
	title = {Semantic parallelism in {Rotinese} ritual language},
	volume = {2de Afl},
	year = {1971},
}

@article{fillmore1988regularity,
	author = {Fillmore, Charles J and Kay, Paul and O'Connor, Mary Catherine},
	journal = {Language},
	pages = {501--538},
	publisher = {JSTOR},
	sortname = {Fillmore, Charles J and Kay, Paul and O'Connor, Mary Catherine},
	title = {Regularity and idiomaticity in grammatical constructions: {The} case of let alone},
	volume = {\biberror{no volume}},
	year = {1988}
}

@article{engelberg2005kimian,
	author = {Engelberg, Stefan},
	journal = {Theoretical linguistics},
	number = {3},
	pages = {331--347},
	title = {Kimian states and the grammar of predicative adjectives},
	volume = {31},
	year = {2005}
}

@article{enfield2009review,
	author = {Enfield, Nicholas J},
	journal = {Language},
	number = {2},
	pages = {445--451},
	title = {Serial verb constructions: {{A}} cross-linguistic typology (review)},
	volume = {85},
	year = {2009}
}

@article{durie1988verb,
	author = {Durie, Mark},
	journal = {Oceanic linguistics},
	pages = {1--23},
	title = {Verb serialization and ``verbal-prepositions" in {{Oceanic}} languages},
	volume = {\biberror{no volume}},
	year = {1988},
}

@article{dowty1991thematic,
	author = {Dowty, David},
	journal = {language},
	number = {3},
	pages = {547--619},
	publisher = {Linguistic Society of America},
	title = {Thematic proto-roles and argument selection},
	volume = {67},
	year = {1991}
}

@article{devries2006areal,
	author = {de Vries, Lourens},
	journal = {Journal of pragmatics},
	number = {6},
	pages = {811--828},
	publisher = {Elsevier},
	title = {Areal pragmatics of {New} {{Guinea}}: {Thematization}, distribution and recapitulative linkage in {{Papuan}} narratives},
	volume = {38},
	year = {2006}
}

@article{devries2005towards,
	author = {de Vries, Lourens},
	journal = {Studies in Language},
	number = {2},
	pages = {363--384},
	publisher = {John Benjamins Publishing Company},
	title = {Towards a typology of tail--head linkage in {{Papuan}} languages},
	volume = {29},
	year = {2005}
}

@article{defina2016serial,
	author = {Defina, Rebecca},
	journal = {Language},
	number = {4},
	pages = {890--910},
	publisher = {Linguistic Society of America},
	title = {Do serial verb constructions describe single events?: {A} study of co-speech gestures in {Avatime}},
	volume = {92},
	year = {2016}
}

@article{crowley1987serial,
	author = {Crowley, Terry},
	journal = {Studies in Language},
	number = {1},
	pages = {35--84},
	title = {Serial verbs in {Paamese}},
	volume = {11},
	year = {1987},
}

@article{comrie1995serial,
	author = {Comrie, Bernard},
	journal = {Langues et langage: Probl{\`e}mes et raisonnement en linguistique. M{\'e}langes offerts {\`a} Antoine Culioli},
	pages = {25--37},
	title = {Serial verbs in {Haruai} ({{Papua}} {New} {{Guinea}}) and their theoretical implications},
	volume = {\biberror{no volume}},
	year = {1995}
}

@article{carlson1977unified,
	author = {Carlson, Greg N},
	journal = {Linguistics and philosophy},
	number = {3},
	pages = {413--457},
	publisher = {Springer},
	title = {A unified analysis of the {{English}} bare plural},
	volume = {1},
	year = {1977}
}

@article{carlson1977reference,
	author = {Carlson, Greg N},
	journal = {PhD thesis, University of Massachusetts},
	pages = {\biberror{no pages}},
	title = {Reference to kinds in {{English}}},
	volume = {\biberror{no volume}},
	year = {1977}
}

@article{capelli2001,
	author = {Capelli, Cristian and Wilson, James F and Richards, Martin and Stumpf, Michael P H and Gratrix, Fiona and Oppenheimer, Stephen and Underhill, Peter and Pascali, Vincenzo L and Ko, Tsang-Ming and Goldstein, David B},
	journal = {The American Journal of Human Genetics},
	number = {2},
	pages = {432--443},
	publisher = {Elsevier},
	title = {A predominantly indigenous paternal heritage for the {{Austronesian}-speaking} peoples of insular {{Southeast}} {{Asia}} and {{Oceania}}},
	volume = {68},
	year = {2001}
}

@article{bruce1988,
	author = {Bruce, Les},
	journal = {Studies in Language},
	number = {1},
	pages = {19--49},
	publisher = {John Benjamins},
	title = {Serialization: {From} syntax to lexicon},
	volume = {12},
	year = {1988}
}

@article{bril2007nexus,
	author = {Bril, Isabelle},
	journal = {Language and linguistics (Academia Sinica)},
	number = {1},
	pages = {267--310},
	title = {Nexus and juncture types of complex predicates in {{Oceanic}} languages: {Functions} and semantics},
	volume = {8},
	year = {2007}
}

@article{bradshaw1993subject,
	author = {Bradshaw, Joel},
	journal = {Oceanic Linguistics},
	pages = {133--161},
	title = {Subject relationships within serial verb constructions in {{Numbami}} and {Jab{\^e}m}},
	volume = {\biberror{no volume}},
	year = {1993},
}

@article{bowern2008diachrony,
	author = {Bowern, Claire},
	journal = {Diachronica},
	number = {2},
	pages = {161--185},
	title = {The diachrony of complex predicates},
	volume = {25},
	year = {2008}
}

@article{bohnemeyer2007principles,
	author = {Bohnemeyer, J{\"u}rgen and Enfield, Nick J and Essegbey, James and Ibarretxe-Antu{\~n}ano, Iraide and Kita, Sotaro and L{\"u}pke, Friederike and Ameka, Felix K},
	journal = {Language},
	number = {3},
	pages = {495--532},
	publisher = {Linguistic Society of America},
	sortname = {Bohnemeyer, J{u}rgen and Enfield, Nick J and Essegbey, James and Ibarretxe-Antu{n}ano, Iraide and Kita, Sotaro and L{u}pke, Friederike and Ameka, Felix K},
	title = {Principles of event segmentation in language: {The} case of motion events},
	volume = {83},
	year = {2007}
}

@article{blust1993central,
	author = {Blust, Robert},
	journal = {Oceanic Linguistics},
	pages = {241--293},
	publisher = {Pacific Linguistics},
	title = {{Central} and central-eastern {{Malayo}-Polynesian}},
	volume = {\biberror{no volume}},
	year = {1993}
}

@article{baker1989object,
	author = {Baker, Mark C},
	journal = {Linguistic inquiry},
	number = {4},
	pages = {513--553},
	title = {Object sharing and projection in serial verb constructions},
	volume = {20},
	year = {1989},
}

@article{aikhenvald1999serial,
	author = {Aikhenvald, Alexandra Y},
	journal = {Studies in Language},
	number = {3},
	pages = {469--497},
	publisher = {John Benjamins Publishing Company},
	title = {Serial constructions and verb compounding evidence from {{Tariana}} ({{North} Arawak})},
	volume = {23},
	year = {1999}
}

@article{Welzen2011,
	author = {Van Welzen, Peter C and Parnell, John A N and Slik, J W Ferry},
	journal = {Biological Journal of the Linnean Society},
	number = {3},
	pages = {531--545},
	publisher = {Oxford University Press},
	title = {{Wallace}'s {Line} and plant distributions: {Two} or three phytogeographical areas and where to group {{Java}}?},
	volume = {103},
	year = {2011}
}

@unpublished{bowden2006,
	author = {Bowden, John},
	pages = {50},
	publisher = {Unpublished},
	title = {A grammar sketch of {Waimaqa}},
	year = {2006}
}

@inbook{Voorhoeve1994,
	author = {Voorhoeve, Clemens L.},
	booktitle = {Language contact and change in the {Austronesian} world},
	editor = {Tom Dutton and Darrell T. Tryon},
	pages = {649--674},
	publisher = {Mouton de Gruyter},
	title = {Contact-induced change in the non-{{Austronesian}} languages in the {{North}} {Moluccas}, {{Indonesia}}},
	year = {1994}
}

@inbook{Tryon1995,
	author = {Darrell T. Tryon},
	booktitle = {Comparative {{Austronesian}} Dictionary. {{A}}n Introduction to {{Austronesian}} Studies},
	editor = {Darrell T. Tryon},
	pages = {5--44},
	publisher = {Mouton de Gruyter},
	title = {The {{Austronesian}} languages},
	year = {1995}
}

@inbook{Slobin1997,
	author = {Slobin, Dan I},
	booktitle = {Essays on Language Function and Language Type. {{D}}edicated to T. {{G}}ivón},
	editor = {Joan Bybee and John Haiman and Sandra A. Thompson},
	pages = {437--467},
	publisher = {John Benjamins},
	title = {Mind, Code, and Text},
	year = {1997}
}

@inbook{Pawley1987,
	author = {Pawley, Andrew},
	booktitle = {Coherence and grounding in discourse},
	editor = {Russell S. Tomlin},
	location = {Amsterdam/Philadelphia},
	pages = {329--360},
	publisher = {John Benjamins},
	title = {Encoding events in {{Kalam}} and {{English}}: {Different} logics for reporting experience},
	year = {1987}
}

@inbook{Himmelmann2005tagalog,
	author = {Himmelmann, Nikolaus P},
	booktitle = {The {{Austronesian}} languages of {{Asia}} and {{Madagascar}}},
	editor = {Alexander Adelaar and Nikolaus P. Himmelmann},
	location = {London},
	pages = {350--376},
	publisher = {Routledge},
	title = {{Tagalog}},
	year = {2005}
}

@inbook{Himmelmann2005austronesian,
	author = {Himmelmann, Nikolaus P},
	booktitle = {The {Austronesian} languages of {Asia} and {Madagascar}},
	editor = {Alexander Adelaar and Nikolaus P. Himmelmann},
	location = {London},
	pages = {110--181},
	publisher = {Routledge},
	title = {The {{Austronesian}} languages of {{Asia}} and {{Madagascar}}: {Typological} characteristics},
	year = {2005}
}

@inbook{Heinsohn2010,
	author = {Thomas E. Heinsohn},
	booktitle = {Altered Ecologies: {{F}}ire, climate and human influence on terrestrial landscapes},
	editor = {Simon G. Haberle, Janelle Stevenson, Matthew Prebble},
	location = {Canberra},
	pages = {133--176},
	publisher = {ANU Press},
	title = {Marsupials as introduced species: {Long-term} anthropogenic expansion of the marsupial frontier and its implications for zoogeographic interpretation},
	year = {2010}
}

@inbook{Fillmore1970,
	author = {Fillmore, Charles J},
	booktitle = {Readings in {English} transformational grammar},
	editor = {Roderick Jacobs and Peter Rosenbaum},
	location = {Washington D.C.},
	pages = {120--133},
	publisher = {Georgetown University Press},
	title = {The grammar of \emph{breaking} and \emph{hitting}},
	year = {1970}
}

@inbook{Durie1997,
	author = {Mark Durie},
	booktitle = {Complex Predicates},
	editor = {Alex Alsina, Joan Bresnan, Peter Sells},
	location = {Stanford, California},
	pages = {289--354},
	publisher = {CSLI Publications},
	title = {Grammatical Structures in Verb Serialization},
	year = {1997}
}

@inbook{Bickel2011,
	author = {Balthasar Bickel},
	booktitle = {The {Oxford} Handbook of Linguistic Typology},
	editor = {Jae Jung Song},
	location = {Oxford},
	pages = {399--444},
	publisher = {Oxford University Press},
	title = {Grammatical Relations Typology},
	year = {2011}
}

@book{coward2005,
	address = {\biberror{no address}},
	author = {Coward, David F.},
	publisher = {SIL International},
	title = {A introduction to the grammar of {Selaru}, {{Indonesia}}},
	year = {2005},
}

@book{Quick2007,
	address = {Canberra},
	author = {Quick, Phil},
	publisher = {Pacific Linguistics},
	title = {A grammar of the {{Pendau}} language of central {Sulawesi}, {{Indonesia}}},
	year = {2007}
}

@book{Levin1993,
	address = {Chicago},
	author = {Levin, Beth},
	publisher = {University of Chicago Press},
	title = {{English} verb classes and alternations: {A} preliminary investigation},
	year = {1993}
}

@book{Jackendoff1990,
	address = {Cambridge, Massachusetts},
	author = {Ray Jackendoff},
	publisher = {MIT Press},
	title = {Semantic Structures},
	year = {1990}
}

@book{Dowty1979,
	address = {Dordrecht, Holland/Boston, USA},
	author = {David R. Dowty},
	publisher = {D. Reidel},
	title = {Word Meaning and {Montague} Grammar},
	year = {1979}
}

@book{Bellwood2007,
	address = {\biberror{no address}},
	author = {Peter Bellwood},
	publisher = {ANU E Press},
	title = {Prehistory of the {{Indo}-Malaysian} {Archipelago}},
	year = {2007},
}

@book{Barsel1994,
	address = {Canberra},
	author = {Linda A. Barsel},
	publisher = {Pacific Linguistics},
	title = {The verb morphology of {{Mori}}, {Sulawesi}},
	year = {1994}
}

@article{foley1985clausehood,
	author = {Foley, William A and Olson, Mike},
	journal = {Grammar inside and outside the clause},
	pages = {17--60},
	publisher = {Cambridge: Cambridge University Press},
	title = {Clausehood and verb serialization},
	volume = {\biberror{no volume}},
	year = {1985}
}

@article{Raes2009,
	author = {Raes, N. and Van Welzen, Peter C.},
	journal = {Blumea},
	key = {•},
	pages = {6--8},
	title = {The demarcation and internal division of {Flora} {Malesiana}: 1857 – present},
	volume = {54},
	year = {2009}
}

@article{Kroeger2010,
	author = {Kroeger, Paul R},
	journal = {Oceanic Linguistics},
	number = {1},
	pages = {1--20},
	title = {The Grammar of hitting, breaking, and cutting in {Kimaragang} {Dusun}},
	volume = {49},
	year = {2010}
}

@article{Hall2009,
	author = {R. Hall},
	journal = {Blumea},
	pages = {148–161},
	title = {{Southeast} {{Asia}’s} changing palaeogeography},
	volume = {54},
	year = {2009}
}

@article{Elman2009,
	author = {J. L. Elman},
	journal = {Cognitive Science},
	pages = {547--582},
	title = {On the meaning of words and dinosaur bones: {Lexical} knowledge without a lexicon},
	volume = {33},
	year = {2009}
}

@article{Dixon1979,
	author = {Dixon, Robert M W},
	journal = {Language},
	pages = {59--138},
	title = {Ergativity},
	volume = {55},
	year = {1979}
}

@article{Ameka2013,
	author = {Felix Ameka and James Essegbey},
	journal = {Ghana Journal of Linguistics},
	number = {1},
	pages = {19--38},
	title = {Serialising Languages: {Satellite-framed}, Verb-framed or Neither},
	volume = {2},
	year = {2013}
}
